<?xml version="1.0" encoding="UTF-8"?><collection xmlns="http://www.loc.gov/MARC21/slim"><record><leader>00408nam--2200133-i-4500</leader><controlfield tag="001">000013614</controlfield><controlfield tag="002">20161230</controlfield><controlfield tag="005">20161230201030</controlfield><controlfield tag="008">060222s1000------------r-----000-0-eng-d</controlfield><datafield ind1=" " ind2=" " tag="100"><subfield code="a">Demazure, Michel And Gabriel, Peter</subfield></datafield><datafield ind1=" " ind2=" " tag="245"><subfield code="a">Introduction to algebraic geometry and algebraic groups</subfield></datafield><datafield ind1=" " ind2=" " tag="260"><subfield code="a">Amsterda, North-holland Publ.Co., 1980</subfield></datafield><datafield ind1=" " ind2=" " tag="490"><subfield code="a">North-holland Mathematics Studies,</subfield></datafield><datafield ind1=" " ind2=" " tag="852"><subfield code="a">512.54:512.7</subfield></datafield></record></collection>